@article{2013Black,
  title={Black Friday and Cyber Monday: Understanding consumer intentions on two major shopping days},
  author={ Swilley, Esther  and  Goldsmith, Ronald E. },
  journal={Journal of Retailing and Consumer Services},
  volume={20},
  number={1},
  pages={43-50},
  year={2013},
}



@inproceedings{huang2019x,
	title={X-Engine: An optimized storage engine for large-scale E-commerce transaction processing},
	author={Huang, Gui and Cheng, Xuntao and Wang, Jianying and Wang, Yujie and He, Dengcheng and Zhang, Tieying and Li, Feifei and Wang, Sheng and Cao, Wei and Li, Qiang},
	booktitle={Proceedings of the 2019 International Conference on Management of Data},
	pages={651--665},
	year={2019}
}

@article{hoare1962quicksort,
	title={Quicksort},
	author={Hoare, Charles AR},
	journal={The Computer Journal},
	volume={5},
	number={1},
	pages={10--16},
	year={1962},
	publisher={Oxford University Press}
}

@Misc{groupon,
	title = {[Online] \text{Groupon}},
	howpublished = {\url{https://www.groupon.com/}},
}

@Misc{double11,
	title = {[Online] \text{double11}},
	howpublished = {\url{https://en.wikipedia.org/wiki/Double_Eleven}},
}

@Misc{dealmoon,
	title = {[Online] \text{dealmoon}},
	howpublished = {\url{https://www.dealmoon.com/}},
}


@Misc{2020,
	title = {[Online] \text{What To Expect On Singles Day 2020}},
	howpublished = {\url{https://www.forbes.com/sites/forrester/2020/11/02/what-to-expect-on-singles-day-2020/?sh=574a7400723f}},
}

@Misc{double2020,
	title = {[Online] \text{Must the "discount question" of Double 11 be so difficult?}},
	howpublished = {\url{https://www.tellerreport.com/business/2020-11-04-must-the-%22discount-question%22-of-double-11-be-so-difficult-.rJUQy_ulFP.html}},
}

@Misc{cosmopolitan,
	title = {[Online] \text{Every single Black Friday beauty deal worth knowing about}},
	howpublished = {\url{https://www.cosmopolitan.com/uk/beauty-hair/a47386/black-friday-beauty-deals/}},
}

@Misc{cosmopolitan,
	title = {[Online] \text{Every single Black Friday beauty deal worth knowing about}},
	howpublished = {\url{https://www.cosmopolitan.com/uk/beauty-hair/a47386/black-friday-beauty-deals/}},
}

@Misc{ZTO,
	title = {[Online] \text{ZTO}},
	howpublished = {\url{https://www.zto.com/guestservice/bill}},
}

@Misc{Sifang,
	title = {[Online] \text{Sifang}},
	howpublished = {\url{http://express.4px.com/article/detail/id/500063/cid/29}},
}


@Misc{Groupon,
	title = {[Online] \text{Groupon}},
	howpublished = {\url{https://www.groupon.com//}},
}

@Misc{Taobao,
	title = {[Online] \text{Taobao}},
	howpublished = {\url{https://www.taobao.com/}},
}


@Misc{SKU,
	title = {[Online] \text{SKU}},
	howpublished = {\url{https://en.wikipedia.org/wiki/Stock_keeping_unit}},
}

@Misc{Report,
	title = {[Online] \text{Technical Report }},
	howpublished = {\url{cspcheng.github.io/pdf/Crowdrebate-ICDE.pdf}},
}

@inproceedings{manzoor2017rush,
	title={RUSH! Targeted Time-limited Coupons via Purchase Forecasts},
	author={Manzoor, Emaad and Akoglu, Leman},
	booktitle={Proceedings of the 23rd ACM SIGKDD International Conference on Knowledge Discovery and Data Mining},
	pages={1923--1931},
	year={2017}
}

@article{hanson2018friends,
	title={Friends with benefits: social coupons as a strategy to enhance customersâ€™ social empowerment},
	author={Hanson, Sara and Yuan, Hong},
	journal={Journal of the Academy of Marketing Science},
	volume={46},
	number={4},
	pages={768--787},
	year={2018},
	publisher={Springer}
}

@inproceedings{he2017understanding,
	title={Understanding Users' Coupon Usage Behaviors in E-Commerce Environments},
	author={He, Jiawei and Jiang, Wenjun},
	booktitle={2017 IEEE International Symposium on Parallel and Distributed Processing with Applications and 2017 IEEE International Conference on Ubiquitous Computing and Communications (ISPA/IUCC)},
	pages={1047--1053},
	year={2017},
	organization={IEEE}
}

@inproceedings{xie2019optimizing,
	title={Optimizing Discount and Reputation Trade-Offs in E-Commerce Systems: Characterization and Online Learning},
	author={Xie, Hong and Li, Yongkun and Lui, John CS},
	booktitle={Proceedings of the AAAI Conference on Artificial Intelligence},
	volume={33},
	pages={7992--7999},
	year={2019}
}

@article{gubela2020response,
	title={Response transformation and profit decomposition for revenue uplift modeling},
	author={Gubela, Robin M and Lessmann, Stefan and Jaroszewicz, Szymon},
	journal={European Journal of Operational Research},
	volume={283},
	number={2},
	pages={647--661},
	year={2020},
	publisher={Elsevier}
}

@article{jung2010online,
	title={Online vs. offline coupon redemption behaviors},
	author={Jung, Kwon and Lee, Boon Young},
	journal={International Business \& Economics Research Journal (IBER)},
	volume={9},
	number={12},
	year={2010}
}

@inproceedings{tang2018stochastic,
	title={Stochastic Coupon Probing in Social Networks},
	author={Tang, Shaojie},
	booktitle={Proceedings of the 27th ACM International Conference on Information and Knowledge Management},
	pages={1023--1031},
	year={2018}
}

@inproceedings{chang2019seed,
	title={Seed selection and social coupon allocation for redemption maximization in online social networks},
	author={Chang, Tung-Chun and Shi, Yishuo and Yang, De-Nian and Chen, Wen-Tsuen},
	booktitle={2019 IEEE 35th International Conference on Data Engineering (ICDE)},
	pages={410--421},
	year={2019},
	organization={IEEE}
}

@Misc{double11,
title = {[Online] \text{Double 11 campaign techniques \& how to get ready}},
howpublished = {\url{https://walkthechat.com/double-11-campaign-techniques-how-to-get-ready/}},
}

@Misc{starbucks,
	title = {[Online] \text{Starbucks doubles down on China play}},
	howpublished = {\url{http://www.ecns.cn/news/2020-08-11/detail-ifzyxfhw7470470.shtml}},
}

@book{black2012dictionary,
	title={A dictionary of economics},
	author={Black, John and Hashimzade, Nigar and Myles, Gareth},
	year={2012},
	publisher={Oxford university press}
}

@inproceedings{yang2019customers,
  title={Do Customers Really Get Tired of Double Eleven Global Carnival? An Exploration of Negative Influences on Consumer Attitudes toward Online Shopping Website},
  author={Yang, Ruo and Yang, Yongzhong and Shafi, Mohsin and Song, Xiaoting},
  booktitle={International Conference on Management Science and Engineering Management},
  pages={189--200},
  year={2019},
  organization={Springer}
}

@article{hayes2002computing,
	title={Computing science: The easiest hard problem},
	author={Hayes, Brian},
	journal={American Scientist},
	volume={90},
	number={2},
	pages={113--117},
	year={2002},
	publisher={JSTOR}
}

@inproceedings{huang2019x,
	title={X-Engine: An optimized storage engine for large-scale E-commerce transaction processing},
	author={Huang, Gui and Cheng, Xuntao and Wang, Jianying and Wang, Yujie and He, Dengcheng and Zhang, Tieying and Li, Feifei and Wang, Sheng and Cao, Wei and Li, Qiang},
	booktitle={Proceedings of the 2019 International Conference on Management of Data},
	pages={651--665},
	year={2019}
}

@book{vazirani2013approximation,
	title={Approximation algorithms},
	author={Vazirani, Vijay V},
	year={2013},
	publisher={Springer Science \& Business Media}
}

@Misc{Kiehl's,
	title = {[Online] \text{Kiehl's Black Friday Event}},
	howpublished = {\url{https://www.dealmoon.com/en/35-off-kiehl-s-skincare-on-black-friday-sale/1637648.html}},
}

@Misc{618,
	title = {[Online] \text{6.18 Taobao / Tmall: The Mid Year Sale Campaign You Can not Miss}},
	howpublished = {\url{https://www.shopback.sg/blog/618-taobao-tmall-mid-year-sale-shopping-guide/}},
}

@Misc{lookfantastic,
	title = {[Online] \text{lookfantastic:Terms and Conditions}},
	howpublished = {\url{https://www.lookfantastic.com.sg/info/terms-conditions.list#:~:text=You%20may%20only%20use%20one,discount%20code%20to%20the%20basket.}},
}

@Misc{Instantrebatedefinition,
	title = {[Online] \text{Rebate (marketing)}},
	howpublished = {\url{https://en.wikipedia.org/wiki/Rebate_(marketing)}},
}

@Misc{taobao,
	title = {[Online] \text{11.11 is coming: How to get the best deals at Taobao's Singles' Day sale)}},
	howpublished = {\url{https://www.channelnewsasia.com/news/lifestyle/how-to-use-taobao-singles-day-11-11-sale-9391332}},
}

@article{cheng2016task,
  title={Task assignment on multi-skill oriented spatial crowdsourcing},
  author={Cheng, Peng and Lian, Xiang and Chen, Lei and Han, Jinsong and Zhao, Jizhong},
  journal={IEEE Transactions on Knowledge and Data Engineering},
  volume={28},
  number={8},
  pages={2201--2215},
  year={2016},
  publisher={IEEE}
}

@book{marteau2007cost,
  title={The cost of being landlocked: logistics costs and supply chain reliability},
  author={Marteau, Jean-Francois and Raballand, Gael and Arvis, Jean-Francois},
  year={2007},
  publisher={The World Bank}
}

@article{guo2020budgeted,
  title={Budgeted coupon advertisement problem: Algorithm and robust analysis},
  author={Guo, Jianxiong and Chen, Tiantian and Wu, Weili},
  journal={IEEE Transactions on Network Science and Engineering},
  year={2020},
  publisher={IEEE}
}

@article{xie2018enhancing,
  title={Enhancing reputation via price discounts in e-commerce systems: A data-driven approach},
  author={Xie, Hong and Ma, Richard TB and Lui, John CS},
  journal={ACM Transactions on Knowledge Discovery from Data (TKDD)},
  volume={12},
  number={3},
  pages={1--29},
  year={2018},
  publisher={ACM New York, NY, USA}
}